<?xml version="1.0" encoding="UTF-8"?><collection xmlns="http://www.loc.gov/MARC21/slim"><record><leader>00596nam--2200193-i-4500</leader><controlfield tag="001">000009681</controlfield><controlfield tag="002">20161230</controlfield><controlfield tag="005">20161230201028</controlfield><controlfield tag="008">060222s1000------------r-----000-0-fre-d</controlfield><datafield ind1=" " ind2=" " tag="040"><subfield code="a">IFIN-HH</subfield></datafield><datafield ind1=" " ind2=" " tag="041"><subfield code="a">fre</subfield></datafield><datafield ind1=" " ind2=" " tag="080"><subfield code="a">539.1(058)</subfield></datafield><datafield ind1="1" ind2=" " tag="100"><subfield code="a">Pannetier, Raymond</subfield></datafield><datafield ind1="1" ind2="0" tag="245"><subfield code="a">Le bi-repertoire nucleaire</subfield><subfield code="b">Compose par raymond pannetier et rene lemistre a partir de textes rediges par les experimentateurs, chercheurs, industriels et fournisseurs</subfield></datafield><datafield ind1=" " ind2=" " tag="250"><subfield code="a">Troisime Edition</subfield></datafield><datafield ind1=" " ind2=" " tag="260"><subfield code="a">Paris</subfield><subfield code="b">Cid</subfield><subfield code="c">1971</subfield></datafield><datafield ind1=" " ind2=" " tag="300"><subfield code="a">/PAG.DIF.</subfield></datafield><datafield ind1=" " ind2=" " tag="852"><subfield code="a">34884</subfield><subfield code="c">539</subfield></datafield><datafield ind1=" " ind2=" " tag="CAT"><subfield code="a">Sys</subfield><subfield code="c">20111006</subfield><subfield code="h">132904</subfield></datafield></record></collection>